

@Book{  hamann18,
  author = 	 {Heiko Hamann},
  title = 	 {Swarm Robotics: A Formal Approach},
  publisher = 	 {Springer US},
  year = 	 {2018},
  address =      {New York, USA}
}

@article{brambilla13,
  year        = {2013},
  issn        = {1935-3812},
  journal     = {Swarm Intelligence},
  volume      = {7},
  number      = {1},
  doi         = {10.1007/s11721-012-0075-2},
  title       = {Swarm robotics: a review from the swarm engineering perspective},
  url         = {http://dx.doi.org/10.1007/s11721-012-0075-2},
  publisher   = {Springer},
  keywords    = {Swarm robotics; Review; Swarm engineering},
  author      = {Brambilla, Manuele and Ferrante, Eliseo and Birattari, Mauro and Dorigo, Marco},
  pages       = {1-41},
}


